@article{clark2017hybrid,
  title={Hybrid spectral CT reconstruction},
  author={Clark, Darin P and Badea, Cristian T},
  journal={PloS one},
  volume={12},
  number={7},
  pages={e0180324},
  year={2017},
  publisher={Public Library of Science San Francisco, CA USA}
}

@inproceedings{wang2022fast,
  title={Fast kV switching for improved material decomposition with photon counting x-ray detectors},
  author={Wang, Sen and Yang, Yirong and Pal, Debashish and Pelc, Norbert J and Wang, Adam S},
  booktitle={Medical Imaging 2022: Physics of Medical Imaging},
  volume={12031},
  pages={97--102},
  year={2022},
  organization={SPIE}
}